% Encoding: UTF-8

@InCollection{FrauchigerAnwendungenvonDesign2017,
  author    = {Daniel Frauchiger},
  title     = {Anwendungen von Design Science Research in der Praxis},
  booktitle = {Wirtschaftsinformatik in Theorie und Praxis},
  year      = {2017},
  publisher = {Springer Fachmedien Wiesbaden},
  pages     = {107--118},
  doi       = {10.1007/978-3-658-17613-6_8},
  file      = {:2017_Book_WirtschaftsinformatikInTheorie.pdf:PDF},
  groups    = {Allgemeines},
}

@InProceedings{RaemaekersSemanticVersioningversus2014,
  author        = {S. {Raemaekers} and A. {van Deursen} and J. {Visser}},
  title         = {Semantic Versioning versus Breaking Changes: A Study of the Maven Repository},
  booktitle     = {Proc. IEEE 14th Int. Working Conf. Source Code Analysis and Manipulation},
  year          = {2014},
  month         = sep,
  pages         = {215--224},
  doi           = {10.1109/SCAM.2014.30},
  __markedentry = {[marius:]},
  file          = {:06975655.pdf:PDF},
  groups        = {Versionierung},
  keywords      = {configuration management, software libraries, Maven Repository, library release history, contrast version identifiers, version numbers, semantic versioning principles, deprecation tags, major patch releases, minor patch releases, software libraries, Semantics, Java, Software, Software libraries, Distributed databases, Electronic mail, Semantic versioning, Software libraries},
}

@WWW{Preston-WernerSemanticVersioning2.0.0,
  author = {Tom Preston-Werner},
  title  = {Semantic Versioning 2.0.0},
  url    = {https://semver.org/},
  groups = {Versionierung},
}

@WWW{HashemiCalendarVersioning2017,
  author = {Mahmoud Hashemi},
  title  = {Calendar Versioning},
  date   = {2017-05-01},
  url    = {http://calver.org/},
  groups = {Versionierung},
}

@Article{VonAlanDesignscienceinformation2004,
  author        = {Von Alan, R. Hevner and March, Salvatore T. and Park, Jinsoo and Ram, Sudha},
  title         = {Design science in information systems research},
  journal       = {MIS quarterly},
  year          = {2004},
  volume        = {28},
  number        = {1},
  pages         = {75--105},
  __markedentry = {[marius:6]},
  file          = {:https\://www.researchgate.net/profile/Alan_Hevner/publication/201168946_Design_Science_in_Information_Systems_Research/links/5405d4670cf23d9765a75fc2.pdf:URL;:Design_Science_in_Information_Systems_Research.pdf:PDF},
  publisher     = {Springer},
}

@Article{HevnerThreeCycleView2007,
  author    = {Alan R. Hevner},
  title     = {A Three Cycle View of Design Science Research},
  journal   = {Scandinavian Journal of Information Systems},
  year      = {2007},
  volume    = {19},
  url       = {https://aisel.aisnet.org/sjis/vol19/iss2/4},
  urldate   = {2019-07-07},
  booktitle = {Iss. 2 , Article 4},
}

@Comment{jabref-meta: databaseType:biblatex;}

@Comment{jabref-meta: grouping:
0 AllEntriesGroup:;
1 StaticGroup:Versionierung\;0\;1\;\;\;\;;
1 StaticGroup:Allgemeines\;0\;1\;\;\;\;;
}
